<record><leader>00000cas a22000007a 4500</leader><controlfield tag="001">16854535</controlfield><controlfield tag="008">871015d19041913inuwr ne      0    0eng d</controlfield><datafield ind1=" " ind2=" " tag="010"><subfield code="a">sn 87056795 </subfield></datafield><datafield ind1=" " ind2=" " tag="040"><subfield code="a">NPI</subfield><subfield code="b">eng</subfield><subfield code="c">NPI</subfield><subfield code="d">OCLCQ</subfield></datafield><datafield ind1=" " ind2=" " tag="042"><subfield code="a">msc</subfield></datafield><datafield ind1="0" ind2="4" tag="245"><subfield code="a">The New echo.</subfield></datafield><datafield ind1=" " ind2=" " tag="260"><subfield code="a">Owensville, Ind. :</subfield><subfield code="b">E.D. Hulfish,</subfield><subfield code="c">1904-</subfield></datafield><datafield ind1=" " ind2=" " tag="310"><subfield code="a">Weekly</subfield></datafield><datafield ind1="0" ind2=" " tag="362"><subfield code="a">Vol. 1, no. 1 (Nov. 3, 1904)-</subfield></datafield><datafield ind1="1" ind2=" " tag="362"><subfield code="a">Ceased in 1913.</subfield></datafield><datafield ind1=" " ind2=" " tag="588"><subfield code="a">Latest issue consulted: Vol. 8, no. 52 (Dec. 28, 1912)</subfield></datafield><datafield ind1=" " ind2=" " tag="752"><subfield code="a">United States</subfield><subfield code="b">Indiana</subfield><subfield code="c">Gibson</subfield><subfield code="d">Owensville.</subfield></datafield><datafield ind1="0" ind2="7" tag="785"><subfield code="t">Gibson County star</subfield><subfield code="w">(DLC)sn 87056797</subfield></datafield><datafield ind1="0" ind2="7" tag="785"><subfield code="t">Owensville star-echo</subfield><subfield code="w">(DLC)sn 87056798</subfield></datafield></record>